@misc{anssi:guide,
      author = {ANSSI},
      title = {Guide des mécanismes cryptographiques},
      howpublished = {Version 2.04 - 2020-01-01},
      year = {2021},
      note = {Règles et recommandations concernant le choix et le dimensionnement des mécanismes cryptographiques},
      url = {https://cyber.gouv.fr/publications/mecanismes-cryptographiques}
}
